<?xml version="1.0" encoding="UTF-8"?><collection xmlns="http://www.loc.gov/MARC21/slim"><record><leader>00395nam--2200121-i-4500</leader><controlfield tag="001">000005554</controlfield><controlfield tag="002">20161230</controlfield><controlfield tag="005">20161230201026</controlfield><controlfield tag="008">060222s1000------------r-----000-0-eng-d</controlfield><datafield ind1=" " ind2=" " tag="100"><subfield code="a">Aspden, Ralph L</subfield></datafield><datafield ind1=" " ind2=" " tag="245"><subfield code="a">Electronic flash photography. a survey of principles and practical technique in industry research and radiography</subfield></datafield><datafield ind1=" " ind2=" " tag="260"><subfield code="a">New York, The Macmillan Co., 1960 Xvi + 192 P</subfield></datafield><datafield ind1=" " ind2=" " tag="852"><subfield code="a">16332</subfield></datafield></record></collection>